<record xmlns='http://www.loc.gov/MARC21/slim'><leader>03175cam a2200445Ia 4500</leader><controlfield tag='001'>7617477</controlfield><controlfield tag='005'>20130618145822.0</controlfield><controlfield tag='006'>m        d        </controlfield><controlfield tag='007'>cr||n|---|||||</controlfield><controlfield tag='008'>130618s2011    nyu     q     000 1 eng d</controlfield><datafield ind1=' ' ind2=' ' tag='040'><subfield code='a'>NjP</subfield><subfield code='b'>eng</subfield><subfield code='c'>NjP</subfield></datafield><datafield ind1=' ' ind2=' ' tag='019'><subfield code='a'>763332926</subfield></datafield><datafield ind1=' ' ind2=' ' tag='020'><subfield code='z'>0307593312 (hardcover)</subfield></datafield><datafield ind1=' ' ind2=' ' tag='020'><subfield code='z'>9780307593313 (hardcover)</subfield></datafield><datafield ind1=' ' ind2=' ' tag='020'><subfield code='z'>9781846556692 (pbk.)</subfield></datafield><datafield ind1=' ' ind2=' ' tag='020'><subfield code='z'>1846556694 (pbk.)</subfield></datafield><datafield ind1=' ' ind2=' ' tag='037'><subfield code='a'>B004LROUW2</subfield><subfield code='b'>Amazon standard identification number</subfield></datafield><datafield ind1='1' ind2=' ' tag='041'><subfield code='a'>eng</subfield><subfield code='h'>jpn</subfield></datafield><datafield ind1=' ' ind2=' ' tag='043'><subfield code='a'>a-ja---</subfield></datafield><datafield ind1=' ' ind2='4' tag='050'><subfield code='a'>PL856.U673</subfield><subfield code='b'>A61213 2011</subfield></datafield><datafield ind1='0' ind2='0' tag='082'><subfield code='a'>895.6/35</subfield><subfield code='2'>22</subfield></datafield><datafield ind1='1' ind2=' ' tag='100'><subfield code='a'>Murakami, Haruki,</subfield><subfield code='d'>1949-</subfield></datafield><datafield ind1='1' ind2='0' tag='240'><subfield code='a'>1Q84.</subfield><subfield code='l'>English</subfield></datafield><datafield ind1='1' ind2='0' tag='245'><subfield code='a'>1Q84</subfield><subfield code='h'>[electronic resource] /</subfield><subfield code='c'>Haruki Murakami ; translated from the Japanese by Jay Rubin and Philip Gabriel.</subfield></datafield><datafield ind1=' ' ind2=' ' tag='250'><subfield code='a'>Kindle ed.</subfield></datafield><datafield ind1=' ' ind2=' ' tag='260'><subfield code='a'>New York :</subfield><subfield code='b'>Alfred A. Knopf,</subfield><subfield code='c'>2011.</subfield></datafield><datafield ind1=' ' ind2=' ' tag='300'><subfield code='a'>1 electronic book (946 p.)</subfield></datafield><datafield ind1=' ' ind2=' ' tag='500'><subfield code='a'>Sold by: Random House Digital, Inc.</subfield></datafield><datafield ind1='0' ind2=' ' tag='505'><subfield code='a'>Book 1. April-June -- Book 2. July-September -- Book 3. October-December.</subfield></datafield><datafield ind1=' ' ind2=' ' tag='520'><subfield code='a'>&quot;The year is 1984 and the city is Tokyo.  A young woman named Aomame follows a taxi driver&apos;s enigmatic suggestion and begins to notice puzzling discrepancies in the world around her. She has entered, she realizes, a parallel existence, which she calls 1Q84 --“Q is for &apos;question mark.&apos; A world that bears a question.&quot; Meanwhile, an aspiring writer named Tengo takes on a suspect ghostwriting project. He becomes so wrapped up with the work and its unusual author that, soon, his previously placid life begins to come unraveled.  As Aomame&apos;s and Tengo&apos;s narratives converge over the course of this single year, we learn of the profound and tangled connections that bind them ever closer: a beautiful, dyslexic teenage girl with a unique vision; a mysterious religious cult that instigated a shoot-out with the metropolitan police; a reclusive, wealthy dowager who runs a shelter for abused women; a hideously ugly private investigator; a mild-mannered yet ruthlessly efficient bodyguard; and a peculiarly insistent television-fee collector.  A love story, a mystery, a fantasy, a novel of self-discovery, a dystopia to rival George Orwell&apos;s--1Q84 is Haruki Murakami&apos;s most ambitious undertaking yet: an instant best seller in his native Japan, and a tremendous feat of imagination from one of our most revered contemporary writers.  This eBook edition includes a Reading Group Guide.&quot;</subfield></datafield><datafield ind1=' ' ind2=' ' tag='546'><subfield code='a'>In English; translated from the Japanese.</subfield></datafield><datafield ind1=' ' ind2=' ' tag='588'><subfield code='a'>Description based on print version record.</subfield></datafield><datafield ind1=' ' ind2='0' tag='650'><subfield code='a'>Man-woman relationships</subfield><subfield code='v'>Fiction.</subfield></datafield><datafield ind1=' ' ind2='0' tag='651'><subfield code='a'>Japan</subfield><subfield code='v'>Fiction.</subfield></datafield><datafield ind1='1' ind2=' ' tag='700'><subfield code='a'>Rubin, Jay,</subfield><subfield code='d'>1941-</subfield></datafield><datafield ind1='1' ind2=' ' tag='700'><subfield code='a'>Gabriel, Philip,</subfield><subfield code='d'>1953-</subfield></datafield><datafield ind1='0' ind2='8' tag='776'><subfield code='i'>Print version:</subfield><subfield code='a'>Murakami, Haruki,  1949-</subfield><subfield code='t'>1Q84.</subfield><subfield code='d'>New York :  Alfred A. Knopf,  2011</subfield><subfield code='z'>9780307593313</subfield><subfield code='z'>9781846556692</subfield><subfield code='w'>(OCoLC)701017688</subfield></datafield><datafield ind1='4' ind2='0' tag='856'><subfield code='z'>Available only on a library iPad. Click here for information about iPad lending at Princeton University Library</subfield><subfield code='u'>http://libguides.princeton.edu/content.php?pid=295717&amp;sid=2427989</subfield></datafield><datafield ind1='4' ind2='2' tag='856'><subfield code='3'>Amazon.com description of book</subfield><subfield code='u'>http://amzn.to/tyIMJF</subfield></datafield><datafield ind1=' ' ind2=' ' tag='902'><subfield code='a'>jbl</subfield><subfield code='b'>x</subfield><subfield code='6'>a</subfield><subfield code='7'>m</subfield><subfield code='d'>w</subfield><subfield code='f'>0</subfield><subfield code='e'>20130618</subfield></datafield><datafield ind1='8' ind2=' ' tag='852'><subfield code='0'>7429805</subfield><subfield code='b'>f</subfield><subfield code='h'>Firestone Library iPads</subfield><subfield code='z'>To borrow this ebook, please request an iPad from the circulation desk at Firestone Library</subfield></datafield><datafield ind1='4' ind2='1' tag='856'><subfield code='0'>7429805</subfield><subfield code='z'>Confirm iPad availability at Firestone Library</subfield><subfield code='u'>http://catalog.princeton.edu/cgi-bin/Pwebrecon.cgi?BBID=7010607</subfield></datafield><datafield ind1='8' ind2=' ' tag='852'><subfield code='0'>7429809</subfield><subfield code='b'>sci</subfield><subfield code='h'>Lewis Library iPads</subfield><subfield code='z'>To borrow this ebook, please request an iPad from the circulation desk at Lewis Library</subfield></datafield><datafield ind1='4' ind2='1' tag='856'><subfield code='0'>7429809</subfield><subfield code='z'>Confirm iPad availability at Lewis Library</subfield><subfield code='u'>http://catalog.princeton.edu/cgi-bin/Pwebrecon.cgi?BBID=7010607</subfield></datafield><datafield ind1='8' ind2=' ' tag='852'><subfield code='0'>7429811</subfield><subfield code='b'>st</subfield><subfield code='h'>Engineering Library iPads</subfield><subfield code='z'>To borrow this ebook, please request an iPad from the circulation desk at the Engineering Library</subfield></datafield><datafield ind1='4' ind2='1' tag='856'><subfield code='0'>7429811</subfield><subfield code='z'>Confirm iPad availability at the Engineering Library</subfield><subfield code='u'>http://catalog.princeton.edu/cgi-bin/Pwebrecon.cgi?BBID=7010607</subfield></datafield></record>